@MISC{samsung2011,
	author		= {Samsung},
	title		= "Samsung {SSD} 830 Series",
	howpublished={\url{https://www.samsung.com/us/support/owners/product/128gb-ssd-830-series}},
	year		= {2011}
}

@misc{anandtech18samsung,
  title={Samsung 30.72 {TB} {SSDs}: Mass Production of {PM1643} Begins},
  author={AnandTech},
  howpublished = {\url{https://www.anandtech.com/show/12448/samsung-begins-mass-production-of-pm1643-sas-ssds-with-3072-tb-capacity}},
  year={2018}
}

@misc{foremay2013,
  title={Foremay Launches World’s First 2TB 2.5” SATA SSD Drive},
  author={Foremay},
  howpublished = {\url{http://www.foremay.net/pr/2tb-ssd-hard-drive-2-tb-ssd-1tb-ssd-2tb-ssd-drive-2tb-hard-drive-1-terabyte-ssd-1-tb-solid-state-drive-foremay.pdf}},
  year={2013}
}

@article{busche2014design,
  title={Design and fabrication of memory devices based on nanoscale polyoxometalate clusters},
  author={Busche, Christoph and Vil{\`a}-Nadal, Laia and Yan, Jun and Miras, Haralampos N and Long, De-Liang and Georgiev, Vihar P and Asenov, Asen and Pedersen, Rasmus H and Gadegaard, Nikolaj and Mirza, Muhammad M and others},
  journal={Nature},
  volume={515},
  number={7528},
  pages={545--549},
  year={2014},
  publisher={Nature Publishing Group}
}

@INPROCEEDINGS{9365809,
  author={Park, Jae-Woo and Kim, Doogon and Ok, Sunghwa and Park, Jaebeom and Kwon, Taeheui and Lee, Hyunsoo and Lim, Sungmook and Jung, Sun-Young and Choi, Hyeongjin and Kang, Taikyu and Park, Gwan and Yang, Chul-Woo and Choi, Jeong-Gil and Ko, Gwihan and Shin, Jaehyeon and Yang, Ingon and Nam, Junghoon and Sohn, Hyeokchan and Hong, Seok-In and Jeong, Yohan and Choi, Sung-Wook and Choi, Changwoon and Shin, Hyun-Soo and Lim, Junyoun and Youn, Dongkyu and Nam, Sanghyuk and Lee, Juyeab and Ahn, Myungkyu and Lee, Hoseok and Lee, Seungpil and Park, Jongmin and Gwon, Kichang and Jeong, Woopyo and Choi, Jungdal and Kim, Jinkook and Jin, Kyo-Won},
  booktitle={2021 IEEE International Solid- State Circuits Conference (ISSCC)}, 
  title={30.1 A 176-Stacked 512Gb 3b/Cell 3D-NAND Flash with 10.8Gb/mm2 Density with a Peripheral Circuit Under Cell Array Architecture}, 
  year={2021},
  volume={64},
  number={},
  pages={422-423},
  doi={10.1109/ISSCC42613.2021.9365809}
}

@Article{Einstein,
  author =       "Albert Einstein",
  title =        "{Zur Elektrodynamik bewegter K{\"o}rper}. ({German})
                 [{On} the electrodynamics of moving bodies]",
  journal =      "Annalen der Physik",
  volume =       "322",
  number =       "10",
  pages =        "891--921",
  year =         "1905",
  DOI =          "http://dx.doi.org/10.1002/andp.19053221004"
} 


@inproceedings{jiang2011s,
  title={{S-FTL}: An efficient address translation for flash memory by exploiting spatial locality},
  author={Jiang, Song and Zhang, Lei and Yuan, XinHao and Hu, Hao and Chen, Yu},
  booktitle={2011 IEEE 27th Symposium on Mass Storage Systems and Technologies (MSST)},
  pages={1--12},
  year={2011},
  organization={IEEE}
}

@article{gupta2009dftl,
  title={DFTL: a flash translation layer employing demand-based selective caching of page-level address mappings},
  author={Gupta, Aayush and Kim, Youngjae and Urgaonkar, Bhuvan},
  journal={Acm Sigplan Notices},
  volume={44},
  number={3},
  pages={229--240},
  year={2009},
  publisher={ACM New York, NY, USA}
}

@inproceedings{ni2017hash,
  title={A hash-based space-efficient page-level {FTL} for large-capacity {SSDs}},
  author={Ni, Fan and Liu, Chunyi and Wang, Yang and Xu, Chengzhong and Zhang, Xiao and Jiang, Song},
  booktitle={2017 International Conference on Networking, Architecture, and Storage (NAS)},
  pages={1--6},
  year={2017},
  organization={IEEE}
}

@inproceedings{kim2017shrd,
  title={{SHRD}: Improving Spatial Locality in Flash Storage Accesses by Sequentializing in Host and Randomizing in Device},
  author={Kim, Hyukjoong and Shin, Dongkun and Jeong, Yun Ho and Kim, Kyung Ho},
  booktitle={15th USENIX Conference on File and Storage Technologies (FAST)},
  pages={271--284},
  year={2017}
}

@inproceedings{li2018case,
  title={The {CASE} of {FEMU}: Cheap, accurate, scalable and extensible flash emulator},
  author={Li, Huaicheng and Hao, Mingzhe and Tong, Michael Hao and Sundararaman, Swaminathan and Bj{\o}rling, Matias and Gunawi, Haryadi S},
  booktitle={16th {USENIX} Conference on File and Storage Technologies (FAST)},
  pages={83--90},
  year={2018}
}

@misc{samsung_ratio,
  title={Samsung {V-NAND SSD 860 QVO}},
  author={Samsung},
  howpublished = {\url{https://www.samsung.com/semiconductor/global.semi.static/Samsung\%20SSD\%20860\%20QVO\%20Data\%20Sheet_Rev1.pdf}},
  year={2013}
}

@article{both2015modern,
  title={The modern era of aluminum electrolytic capacitors},
  author={Both, Jens},
  journal={IEEE Electrical Insulation Magazine},
  volume={31},
  number={4},
  pages={24--34},
  year={2015},
  publisher={IEEE}
}